<record><leader>00000cas a22000007a 4500</leader><controlfield tag="001">11192226</controlfield><controlfield tag="008">840924c18869999nyudn ne      0    0eng d</controlfield><datafield ind1=" " ind2=" " tag="010"><subfield code="a">sn 84031687 </subfield></datafield><datafield ind1=" " ind2=" " tag="040"><subfield code="a">NYG</subfield><subfield code="b">eng</subfield><subfield code="c">NYG</subfield><subfield code="d">NYS</subfield><subfield code="d">OCLCF</subfield><subfield code="d">OCLCO</subfield></datafield><datafield ind1=" " ind2=" " tag="042"><subfield code="a">msc</subfield></datafield><datafield ind1="0" ind2=" " tag="130"><subfield code="a">Evening times (Little Falls, N.Y.)</subfield></datafield><datafield ind1="0" ind2="4" tag="245"><subfield code="a">The evening times.</subfield></datafield><datafield ind1="0" ind2="7" tag="246"><subfield code="a">Little Falls evening times</subfield></datafield><datafield ind1="1" ind2="0" tag="246"><subfield code="a">Evening times-saver</subfield></datafield><datafield ind1="0" ind2="0" tag="246"><subfield code="a">Evening times saver</subfield></datafield><datafield ind1=" " ind2=" " tag="260"><subfield code="a">Little Falls, N.Y. :</subfield><subfield code="b">Co-operative Print.,</subfield><subfield code="c">1886-</subfield></datafield><datafield ind1=" " ind2=" " tag="300"><subfield code="a">v.</subfield></datafield><datafield ind1=" " ind2=" " tag="310"><subfield code="a">Daily (except Sundays and holidays),</subfield><subfield code="b">&lt;Aug. 19, 1988&gt;-</subfield></datafield><datafield ind1=" " ind2=" " tag="321"><subfield code="a">Daily,</subfield><subfield code="b">May 10, 1886-</subfield></datafield><datafield ind1=" " ind2=" " tag="321"><subfield code="a">Daily (except Sunday),</subfield><subfield code="b">&lt;Aug. 31, 1944&gt;</subfield></datafield><datafield ind1="0" ind2=" " tag="362"><subfield code="a">Vol. 1, no. 1 (May 10, 1886)-</subfield></datafield><datafield ind1=" " ind2=" " tag="500"><subfield code="a">Publishers: Co-operative Print., 1886-    ; Charles D. Crowley, &lt;1921&gt;; Crowley Pub. Corp., &lt;1944&gt;-    .</subfield></datafield><datafield ind1=" " ind2=" " tag="500"><subfield code="a">Motto: "The only daily paper in Herkimer."</subfield></datafield><datafield ind1=" " ind2=" " tag="500"><subfield code="a">Weekly advertising supplements of previously published material issued as: The evening times-saver, &lt;1993-1994&gt;.</subfield></datafield><datafield ind1=" " ind2="0" tag="651"><subfield code="a">Little Falls (N.Y.)</subfield><subfield code="v">Newspapers.</subfield></datafield><datafield ind1=" " ind2="0" tag="651"><subfield code="a">Herkimer County (N.Y.)</subfield><subfield code="v">Newspapers.</subfield></datafield><datafield ind1=" " ind2="7" tag="655"><subfield code="a">Newspapers.</subfield><subfield code="2">fast</subfield><subfield code="0">(OCoLC)fst01423814</subfield></datafield><datafield ind1=" " ind2="7" tag="651"><subfield code="a">New York (State)</subfield><subfield code="z">Herkimer County.</subfield><subfield code="2">fast</subfield><subfield code="0">(OCoLC)fst01223285</subfield></datafield><datafield ind1=" " ind2="7" tag="651"><subfield code="a">New York (State)</subfield><subfield code="z">Little Falls.</subfield><subfield code="2">fast</subfield><subfield code="0">(OCoLC)fst01224076</subfield></datafield><datafield ind1=" " ind2=" " tag="752"><subfield code="a">United States</subfield><subfield code="b">New York</subfield><subfield code="c">Herkimer</subfield><subfield code="d">Little Falls.</subfield></datafield></record>